<?xml version="1.0" encoding="UTF-8"?><collection xmlns="http://www.loc.gov/MARC21/slim"><record><leader>00444nam--2200133-i-4500</leader><controlfield tag="001">000012581</controlfield><controlfield tag="002">20161230</controlfield><controlfield tag="005">20161230201029</controlfield><controlfield tag="008">060222s1000------------r-----000-0-eng-d</controlfield><datafield ind1=" " ind2=" " tag="245"><subfield code="a">Critical phenomena. sitges international school on statistical mechanics, june 1976, sitges, barcelona/spain. director: l.garrido</subfield></datafield><datafield ind1=" " ind2=" " tag="260"><subfield code="a">Berlin, Springer-verlag, 1976</subfield></datafield><datafield ind1=" " ind2=" " tag="490"><subfield code="a">Lecture Notes In Physics</subfield></datafield><datafield ind1=" " ind2=" " tag="700"><subfield code="a">Brey, J.And Jones, R.B</subfield></datafield><datafield ind1=" " ind2=" " tag="852"><subfield code="a">531.19</subfield></datafield></record></collection>